@article{Boug10,
  title={Activity in the superior colliculus reflects dynamic interactions between voluntary and involuntary influences on orienting behaviour},
  author={Bell, Andrew H and Munoz, Douglas P},
  journal={Eur.~J.~Neurosci.},
  volume={28},
  number={8},
  pages={1654--1660},
  year={2008},
}

@article{Buiz07,
  title={Selective and divided attention during visual discriminations of shape, color, and speed: functional anatomy by positron emission tomography},
  author={Corbetta, Maurizio and Miezin, Francis M and Dobmeyer, Susan and Shulman, Gordon L and Petersen, Steven E},
  journal={J.~Neurosci.},
  volume={11},
  number={8},
  pages={2383--2402},
  year={1991},
}

@article{Buiz98,
  title={Projections to the superior colliculus from inferior parietal, ventral premotor, and ventrolateral prefrontal areas involved in controlling goal-directed hand actions in the macaque},
  author={Borra, Elena and Gerbella, Marzio and Rozzi, Stefano and Tonelli, Simone and Luppino, Giuseppe},
  journal={Cereb. Cortex},
  volume={24},
  pages={1054--1065},
  year={2012},
}

@article{Fra10,
  title={Neuronal activity in monkey superior colliculus related to the initiation of saccadic eye movements},
  author={Dorris, Michael C and Par\'{e}, Martin and Munoz, Douglas P},
  journal={J.~Neurosci.},
  volume={17},
  number={21},
  pages={8566--8579},
  year={1997},
}

@article{Ghel00,
  title={Visual orienting in the early broader autism phenotype: disengagement and facilitation},
  author={Elsabbagh, Mayada and Volein, Agnes and Holmboe, Karla and Tucker, Leslie and Csibra, Gergely and Baron-Cohen, Simon and Bolton, Patrick and Charman, Tony and Baird, Gillian and Johnson, Mark H},
  journal={J.~Child Psychol. Psychiatry},
  volume={50},
  number={5},
  pages={637--642},
  year={2009},
}

@article{Gneit05,
  title={Maturation of visual receptive field properties in the rat superior colliculus},
  author={Fortin, Stephane and Chabli, Allal and Dumont, Isabelle and Shumikhina, Svetlana and Itaya, Stephen K and Molotchnikoff, Stephane},
  journal={bibain Res. Dev. Brain Res.},
  volume={112},
  number={1},
  pages={55--64},
  year={1999},
}

@article{Gneit07b,
  title={Neural substrates of sensory-guided locomotor decisions in the rat superior colliculus},
  author={Felsen, Gidon and Mainen, Zachary F},
  journal={Neuron},
  volume={60},
  number={1},
  pages={137--148},
  year={2008},
}

@article{Haid14,
  title={Responses of cells in the superior colliculus during performance of a spatial attention task in the macaque.},
  author={Gattass, R and Desimone, R},
  journal={Rev. Bras. Biol.},
  volume={56},
  pages={257--279},
  year={1996}
}

@article{Hami00,
  title={Activity of superior colliculus in behaving monkey. II. Effect of attention on neuronal responses},
  author={Goldberg, Michael E and Wurtz, Robert H},
  journal={J.~Neurophysiol},
  volume={35},
  number={4},
  pages={560--574},
  year={1972}
}

@article{Kendall,
  title={Neuronal activity in the rostral superior colliculus related to the initiation of pursuit and saccadic eye movements},
  author={Krauzlis, Richard J},
  journal={J.~Neurosci.},
  volume={23},
  number={10},
  pages={4333--4344},
  year={2003},
}

@article{Leit74,
  title={Seeing in stereo: the ecology and evolution of primate binocular vision and stereopsis},
  author={Heesy, Christopher P},
  journal={Evol. Anthropol.},
  volume={18},
  number={1},
  pages={21--35},
  year={2009},
}

@article{Mann45,
  title={Projection neurons in the superficial layers of the superior colliculus in the rat: a topographic and quantitative morphometric analysis},
  author={Hilbig, H and Bidmon, H-J and Ettrich, P and M{\"u}ller, A},
  journal={Neuroscience},
  volume={96},
  number={1},
  pages={109--119},
  year={2000},
}

@article{Math76,
  title={Neuron-specific contribution of the superior colliculus to overt and covert shifts of attention},
  author={Ignashchenkova, Alla and Dicke, Peter W and Haarmeier, Thomas and Thier, Peter},
  journal={Nat. Neurosci.},
  volume={7},
  number={1},
  pages={56--64},
  year={2004},
}

@article{Palm00,
  title={Superior colliculus and visual spatial attention},
  author={Krauzlis, Richard J and Lovejoy, Lee P and Z{\'e}non, Alexandre},
  journal={Annu. Rev. Neurosci.},
  volume={36},
  year={2013},
  publisher={NIH Public Access}
}

@article{Papp09,
  title={Shared neural control of attentional shifts and eye movements},
  author={Kustov, Alexander A and Robinson, David Lee},
  year={1996},
  journal={Nature},
  volume={384},
  pages={74--77}
}

@article{Park08,
  title={Impaired disengagement of attention in young children with autism},
  author={Landry, Reginald and Bryson, Susan E},
  journal={J.~Child Psychol. Psychiatry},
  volume={45},
  number={6},
  pages={1115--1122},
  year={2004},
}

@article{R2013,
  title={Contribution of hippocampal place cell activity to learning and formation of goal-directed navigation in rats},
  author={Kobayashi, T and Tran, AH and Nishijo, H and Ono, T and Matsumoto, G},
  journal={Neuroscience},
  volume={117},
  number={4},
  pages={1025--1035},
  year={2003},
}

@article{Raft05,
  title={Subcortical loops through the basal ganglia},
  author={McHaffie, John G and Stanford, Terrence R and Stein, Barry E and Coizet, Veronique and Redgrave, Peter},
  journal={Trends Neurosci.},
  volume={28},
  number={8},
  pages={401--407},
  year={2005},
}

@article{Rich13,
  title={Deficits in saccade target selection after inactivation of superior colliculus},
  author={McPeek, Robert M and Keller, Edward L},
  journal={Nat. Neurosci.},
  volume={7},
  number={7},
  pages={757--763},
  year={2004},
  publisher={Nature Publishing Group}
}

@article{Scheu14,
  title={Microstimulation of the superior colliculus focuses attention without moving the eyes},
  author={M{\"u}ller, James R and Philiastides, Marios G and Newsome, William T},
  journal={Proc. Natl. Acad. Sci. U.S.A.},
  volume={102},
  number={3},
  pages={524--529},
  year={2005},
}

@article{ScheueBue13,
  title={Lateral inhibitory interactions in the intermediate layers of the monkey superior colliculus},
  author={Munoz, Douglas P and Istvan, Peter J},
  journal={J.~Neurophysiol.},
  volume={79},
  number={3},
  pages={1193--1209},
  year={1998},
}
